@article{key,
  title={Adaptive Prototype Learning Algorithms: Theoretical and Experimental Studies},
  author={Chang, Fu and Lin, Chin-Chin and Lu, Chi-Jen},
  journal={Journal of Machine Learning Research},
  volume={7},
  pages={2125--2148},
  year={2006},
  publisher={JMLR. org}
}